<record xmlns:xsi="http://www.w3.org/2001/XMLSchema-instance" xmlns="http://www.loc.gov/MARC21/slim" xsi:schemaLocation="http://www.loc.gov/MARC21/slim http://www.loc.gov/standards/marcxml/schema/MARC21slim.xsd">

  <leader>00593nam a2200181   4500</leader>
  <controlfield tag="008">160704b2000    cr ||||| |||| 00| | spa d</controlfield>
  <datafield tag="020" ind1=" " ind2=" ">
    <subfield code="a">9977472645</subfield>
  </datafield>
  <datafield ind1=" " ind2=" " tag="090">
    <subfield code="a">06.02.03  </subfield>
    <subfield code="b">2227</subfield>
  </datafield>
  <datafield tag="100" ind1="1" ind2=" ">
    <subfield code="9">1870</subfield>
    <subfield code="a">Molina Guzmán, Guillermo </subfield>
  </datafield>
  <datafield ind1="1" ind2="0" tag="245">
    <subfield code="a">Crisis de la educación costarricense: un reto sin respuestas / </subfield>
    <subfield code="c">Guillermo Molina Guzmán</subfield>
  </datafield>
  <datafield ind2=" " ind1=" " tag="260">
    <subfield code="a">San José, Costa Rica : </subfield>
    <subfield code="b">LIL,</subfield>
    <subfield code="c">2000</subfield>
  </datafield>
  <datafield tag="300" ind1=" " ind2=" ">
    <subfield code="a">144 páginas</subfield>
  </datafield>
  <datafield ind1="1" ind2="4" tag="650">
    <subfield code="9">1410</subfield>
    <subfield code="a">CRISIS DE LA EDUCACIÓN</subfield>
  </datafield>
  <datafield ind2="4" ind1="1" tag="650">
    <subfield code="9">1871</subfield>
    <subfield code="a">EDUCACIÓN A DISTANCIA</subfield>
  </datafield>
  <datafield tag="650" ind1="1" ind2="4">
    <subfield code="9">1872</subfield>
    <subfield code="a">ESCASEZ DE DOCENTES</subfield>
  </datafield>
  <datafield tag="650" ind1="1" ind2="4">
    <subfield code="9">287</subfield>
    <subfield code="a">EVALUACIÓN </subfield>
  </datafield>
  <datafield tag="942" ind1=" " ind2=" ">
    <subfield code="2">z</subfield>
    <subfield code="c">01</subfield>
  </datafield>
  <datafield tag="999" ind1=" " ind2=" ">
    <subfield code="c">3270</subfield>
    <subfield code="d">3270</subfield>
  </datafield>
</record>